@book{aristotle,
  author       = {Aristotle},
  title        = {Physics},
  date         = 1929,
  translator   = {Wicksteed, P. H. and Cornford, F. M.},
  publisher    = {G. P. Putnam},
  shorttitle   = {Physics},
}

@book{wilde,
      author       = {Wilde, Oscar},
      title        = {The Importance of Being Earnest: A Trivial
    Comedy for Serious People},
      year         = 1899,
      series       = {English and American drama of the Nineteenth
    Century},
      publisher    = {Leonard Smithers and Company},
}

@article{lee,
    author = {Lee, Geun},
    file = {:Users/JulianLeitner/Library/Application Support/Mendeley Desktop/Downloaded/Lee - 2009 - A Theory of Soft Power and Korea's Soft Power Strategy.pdf:pdf},
    journal = {The Korean Journal of Defense Analysis},
    number = {2},
    pages = {205--218},
    title = {{A Theory of Soft Power and Korea's Soft Power Strategy}},
    volume = {21},
    year = {2009}
}